<?xml version="1.0" encoding="UTF-8"?><collection xmlns="http://www.loc.gov/MARC21/slim"><record><leader>00688nam--2200193-u-4500</leader><controlfield tag="001">000055262</controlfield><controlfield tag="002">20161230</controlfield><controlfield tag="005">20161230201052</controlfield><controlfield tag="008">121204s1000------------r-----000-0-eng-d</controlfield><datafield ind1=" " ind2=" " tag="020"><subfield code="a">9282638162</subfield></datafield><datafield ind1=" " ind2=" " tag="040"><subfield code="a">IFIN-HH</subfield></datafield><datafield ind1=" " ind2=" " tag="080"><subfield code="a">538.945(061.3)</subfield></datafield><datafield ind1="1" ind2=" " tag="100"><subfield code="a">Gregoli, S</subfield></datafield><datafield ind1="1" ind2="0" tag="245"><subfield code="a">Superconductivity (new insights and current trends in high-tc superconductors)</subfield><subfield code="b">Proceedings of a workshop held in bangalore from 29 january to 2 february 1991</subfield><subfield code="c">S. gregoli, b.raveau, c.n.r. rao (eds.)</subfield></datafield><datafield ind1=" " ind2=" " tag="260"><subfield code="a">Luxembourg</subfield><subfield code="b">Office For Official Publications Of Teh European Communities</subfield><subfield code="c">1992</subfield></datafield><datafield ind1=" " ind2=" " tag="300"><subfield code="a">107P</subfield></datafield><datafield ind1="1" ind2=" " tag="700"><subfield code="a">Rao, C.N.R</subfield><subfield code="e">Ed</subfield></datafield><datafield ind1=" " ind2=" " tag="852"><subfield code="a">80153</subfield><subfield code="c">539.2</subfield></datafield><datafield ind1=" " ind2=" " tag="CAT"><subfield code="a">Sys</subfield><subfield code="c">20121204</subfield><subfield code="h">105504</subfield></datafield></record></collection>